%%%%%%%%%%%%%%%%%%%%%%%%%%%%%%%%%%%%%%%%%%%%%%%%%%%%%
% 50MQ
%%%%%%%%%%%%%%%%%%%%%%%%%%%%%%%%%%%%%%%%%%%%%%%%%%%%%
@book{griffithsQMf2,
	title={Introduction to quantum mechanics},
 	author={Griffiths, David J and Harris, Edward G},	
 	edition={2nd},
  	year={2005},
  	publisher={Pearson Prentice Hall}
}

@article{bloch1976heisenberg,
  title={Heisenberg and the early days of quantum mechanics},
  author={Bloch, Felix},
  journal={Physics Today},
  volume={29},
  number={12},
  pages={23--27},
  year={1976},
  publisher={American Institute of Physics}
}

@article{gehrenbeck1978electron,
  title={Electron diffraction: fifty years ago},
  author={Gehrenbeck, Richard K},
  journal={Physics today},
  volume={31},
  number={1},
  pages={34--41},
  year={1978},
  publisher={American Institute of Physics}
}

@article{d1979quantum,
  title={The quantum theory and reality},
  author={d'Espagnat, Bernard},
  journal={Scientific American},
  volume={241},
  number={5},
  pages={158--181},
  year={1979},
  publisher={JSTOR}
}


@article{mermin1985moon,
  title={Is the moon there when nobody looks? Reality and the quantum theory},
  author={Mermin, N David},
  journal={Physics today},
  volume={38},
  number={4},
  pages={38--47},
  year={1985},
  publisher={American Institute of Physics}
}

@article{tonomura1989demonstration,
  title={Demonstration of single-electron buildup of an interference pattern},
  author={Tonomura, Akira and Endo, J and Matsuda, T and Kawasaki, T and Ezawa, H},
  journal={Am. J. Phys},
  volume={57},
  number={2},
  pages={117--120},
  year={1989}
  publisher={American Association of Physics Teachers}
}

